@inproceedings{kendall2015posenet,
	title={Posenet: A convolutional network for real-time 6-dof camera relocalization},
	author={Kendall, Alex and Grimes, Matthew and Cipolla, Roberto},
	booktitle={Proceedings of the IEEE international conference on computer vision},
	pages={2938--2946},
	year={2015}
}

@article
{
	vlocnet,
	author =
	{
	Noha Radwan and Abhinav Valada and Wolfram Burgard
	}
	,
	title  =
	{
	VLocNet++:  Deep  Multitask  Learning  for  Semantic  Visual  Localization  and
	Odometry
	}
	,
	journal =
	{
	IEEE Robotics and Automation Letters (RA-L)
	}
	,
	volume =
	{
	3
	}
	,
	number =
	{
	4
	}
	,
	pages =
	{
	4407-4414
	}
	,
	year =
	{
	2018
	}
	,
	doi =
	{
	10.1109/LRA.2018.2869640
	}
	
}

@inproceedings{mapnet2018,
	title={Geometry-Aware Learning of Maps for Camera Localization},
	author={Samarth Brahmbhatt and Jinwei Gu and Kihwan Kim and James Hays and Jan Kautz},
	booktitle={IEEE Conference on Computer Vision and Pattern Recognition (CVPR)},
	year={2018}
}
@inproceedings{ronneberger2015u,
	title={U-net: Convolutional networks for biomedical image segmentation},
	author={Ronneberger, Olaf and Fischer, Philipp and Brox, Thomas},
	booktitle={International Conference on Medical image computing and computer-assisted intervention},
	pages={234--241},
	year={2015},
	organization={Springer}
}
@article{radwan18ral,
	author = "Noha Radwan, Abhinav Valada and Wolfram Burgard",
	title = "VLocNet++: Deep Multitask Learning for Semantic Visual Localization and Odometry",
	booktitle = "IEEE Robotics and Automation Letters (RA-L)",
	year = "2018",
	volume="3",
	number="4",
	pages="4407--4414",
	doi="10.1109/LRA.2018.2869640",}
@inproceedings{kendall2018multi,
	title={Multi-task learning using uncertainty to weigh losses for scene geometry and semantics},
	author={Kendall, Alex and Gal, Yarin and Cipolla, Roberto},
	booktitle={Proceedings of the IEEE Conference on Computer Vision and Pattern Recognition},
	pages={7482--7491},
	year={2018}
}
@inproceedings{chattopadhay2018grad,
	title={Grad-cam++: Generalized gradient-based visual explanations for deep convolutional networks},
	author={Chattopadhay, Aditya and Sarkar, Anirban and Howlader, Prantik and Balasubramanian, Vineeth N},
	booktitle={2018 IEEE Winter Conference on Applications of Computer Vision (WACV)},
	pages={839--847},
	year={2018},
	organization={IEEE}
}

