@inproceedings{kendall2015posenet,
	title={Posenet: A convolutional network for real-time 6-dof camera relocalization},
	author={Kendall, Alex and Grimes, Matthew and Cipolla, Roberto},
	booktitle={Proceedings of the IEEE international conference on computer vision},
	pages={2938--2946},
	year={2015}
}

@article
{
	vlocnet,
	author =
	{
	Noha Radwan and Abhinav Valada and Wolfram Burgard
	}
	,
	title  =
	{
	VLocNet++:  Deep  Multitask  Learning  for  Semantic  Visual  Localization  and
	Odometry
	}
	,
	journal =
	{
	IEEE Robotics and Automation Letters (RA-L)
	}
	,
	volume =
	{
	3
	}
	,
	number =
	{
	4
	}
	,
	pages =
	{
	4407-4414
	}
	,
	year =
	{
	2018
	}
	,
	doi =
	{
	10.1109/LRA.2018.2869640
	}
	
}

@inproceedings{mapnet2018,
	title={Geometry-Aware Learning of Maps for Camera Localization},
	author={Samarth Brahmbhatt and Jinwei Gu and Kihwan Kim and James Hays and Jan Kautz},
	booktitle={IEEE Conference on Computer Vision and Pattern Recognition (CVPR)},
	year={2018}
}